@article{morel1985synthetic,
  title={A synthetic acceleration scheme for radiative diffusion calculations},
  author={Morel, Jim E and Larsen, Edward W and Matzen, MK},
  journal={Journal of Quantitative Spectroscopy and Radiative Transfer},
  volume={34},
  number={3},
  pages={243--261},
  year={1985},
  publisher={Elsevier}
}

@article{fleck1971implicit,
  title={An implicit Monte Carlo scheme for calculating time and frequency dependent nonlinear radiation transport},
  author={Fleck Jr, Joseph A and Cummings Jr, JD},
  journal={Journal of Computational Physics},
  volume={8},
  number={3},
  pages={313--342},
  year={1971},
  publisher={Elsevier}
}